@techreport{2019ml,
  author    = {Horace He},
  year      = {2019},
  publisher = {Horace He},
  title     = {The State of Machine Learning Frameworks in 2019},
  url       = {https://thegradient.pub/state-of-ml-frameworks-2019-pytorch-dominates-research-tensorflow-dominates-industry/}
}